@book{briney,
	title = {Data Management for Researchers: Organize, Maintain and Share your Data for Research Success},
	author = {Briney, K},
	publisher = {Pelagic Publishing}
}


@book{sweigartal2019,
	title = {Automate the Boring Stuff with Python: Practical Programming for Total Beginners},
	author = {{Sweigart, Al}, },
	year = {2019},
	date = {2019},
	publisher = {No Starch Press},
	edition = {2nd}
}


@book{wickhamhadley2023,
	title = {R for Data Science: Import, Tidy, Transform, Visualize, and Model Data},
	author = {{Wickham, Hadley},  and {Mine Ã‡etinkaya-Rundel},  and Garrett Grolemund, },
	year = {2023},
	date = {2023},
	edition = {2nd}
}

@book{mckinneywes2018,
	title = {Python for Data Analysis: Data Wrangling with Pandas, NumPy, and IPython},
	author = {{McKinney, Wes}, },
	year = {2018},
	date = {2018},
	publisher = {O'Reilly Media, Inc},
	edition = {2nd},
	url = {https://wesmckinney.com/book/}
}
